<record xmlns="http://www.loc.gov/MARC21/slim">
   <leader>02739cam a2200433 i 4500</leader>
   <controlfield tag="001">6677705</controlfield>
   <controlfield tag="003">FlBoTFG</controlfield>
   <controlfield tag="005">20140910124938.0</controlfield>
   <controlfield tag="006">m    ||  d |      </controlfield>
   <controlfield tag="007">cr |||</controlfield>
   <controlfield tag="008">140910t20152015fluad   ob    001 0 eng d</controlfield>
   <datafield ind1=" " ind2=" " tag="020">
      <subfield code="a">9781439836620 (e-book : PDF)</subfield>
   </datafield>
   <datafield ind1=" " ind2=" " tag="035">
      <subfield code="a">ocn888186516</subfield>
   </datafield>
   <datafield ind1=" " ind2=" " tag="039">
      <subfield code="a">exclude</subfield>
   </datafield>
   <datafield ind1=" " ind2=" " tag="040">
      <subfield code="a">FlBoTFG</subfield>
      <subfield code="b">eng</subfield>
      <subfield code="c">FlBoTFG</subfield>
      <subfield code="e">rda</subfield>
      <subfield code="d">AEU</subfield>
   </datafield>
   <datafield ind1=" " ind2="4" tag="050">
      <subfield code="a">QH324.2</subfield>
      <subfield code="b">.B864 2015</subfield>
   </datafield>
   <datafield ind1="0" ind2=" " tag="082">
      <subfield code="a">572.330285</subfield>
      <subfield code="b">B959</subfield>
   </datafield>
   <datafield ind1=" " ind2=" " tag="090">
      <subfield code="a">Internet Access</subfield>
      <subfield code="b">AEU</subfield>
   </datafield>
   <datafield ind1="1" ind2=" " tag="100">
      <subfield code="a">Burkowski, Forbes J.,</subfield>
      <subfield code="e">author.</subfield>
   </datafield>
   <datafield ind1="1" ind2="0" tag="245">
      <subfield code="a">Computational and visualization techniques for structural bioinformatics using chimera /</subfield>
      <subfield code="c">Forbes J. Burkowski, University of Waterloo, Ontario, Canada.</subfield>
   </datafield>
   <datafield ind1=" " ind2="1" tag="264">
      <subfield code="a">Boca Raton :</subfield>
      <subfield code="b">CRC Press,</subfield>
      <subfield code="c">[2015]</subfield>
   </datafield>
   <datafield ind1=" " ind2="4" tag="264">
      <subfield code="c">©2015</subfield>
   </datafield>
   <datafield ind1=" " ind2=" " tag="300">
      <subfield code="a">1 online resource :</subfield>
      <subfield code="b">text file, PDF</subfield>
   </datafield>
   <datafield ind1=" " ind2=" " tag="336">
      <subfield code="a">text</subfield>
      <subfield code="2">rdacontent</subfield>
   </datafield>
   <datafield ind1=" " ind2=" " tag="337">
      <subfield code="a">computer</subfield>
      <subfield code="2">rdamedia</subfield>
   </datafield>
   <datafield ind1=" " ind2=" " tag="338">
      <subfield code="a">online resource</subfield>
      <subfield code="2">rdacarrier</subfield>
   </datafield>
   <datafield ind1="1" ind2=" " tag="490">
      <subfield code="a">Chapman &amp; Hall/CRC mathematical and computational biology series</subfield>
   </datafield>
   <datafield ind1=" " ind2=" " tag="504">
      <subfield code="a">Includes bibliographical references and index.</subfield>
   </datafield>
   <datafield ind1="0" ind2=" " tag="505">
      <subfield code="a">chapter 1. Introduction : macromolecules and chimera -- chapter 2. Accessing and displaying molecular data with chimera -- chapter 3. Algorithms dealing with distance -- chapter 4. Algorithms dealing with angles -- chapter 5. Structure overlap and alignment -- chapter 6. Potential energy functions -- chaper 7. Rotamers and side-chain conformation -- chapter 8. Residue networks.</subfield>
   </datafield>
   <datafield ind1=" " ind2=" " tag="506">
      <subfield code="a">Access restricted to authorized users and institutions.</subfield>
   </datafield>
   <datafield ind1=" " ind2=" " tag="520">
      <subfield code="a">"This book emphasizes computer programs that analyze protein structural data with program output generating data files and visual feedback in the form of a molecular display. The theoretical part of the text considers both the mathematical models related to molecular structure and the computational strategies that work with these models to derive results. The practical part of the text presents UCSF Chimera as a "workbench" that provides a Python programming environment and the ability to see program output in the molecular display. The accompanying CD-ROM includes Python code, color figures, and session files for Chimera"--</subfield>
      <subfield code="c">Provided by publisher.</subfield>
   </datafield>
   <datafield ind1=" " ind2=" " tag="596">
      <subfield code="a">44</subfield>
   </datafield>
   <datafield ind1=" " ind2="0" tag="650">
      <subfield code="a">Structural bioinformatics</subfield>
      <subfield code="x">Simulation methods.</subfield>
   </datafield>
   <datafield ind1=" " ind2="0" tag="650">
      <subfield code="a">Molecular structure</subfield>
      <subfield code="x">Mathematical models.</subfield>
   </datafield>
   <datafield ind1=" " ind2="0" tag="650">
      <subfield code="a">Proteins</subfield>
      <subfield code="x">Analysis</subfield>
      <subfield code="x">Data processing.</subfield>
   </datafield>
   <datafield ind1=" " ind2="0" tag="830">
      <subfield code="a">Chapman &amp; Hall/CRC mathematical and computational biology series (Unnumbered)</subfield>
   </datafield>
   <datafield ind1="4" ind2="0" tag="856">
      <subfield code="3">University of Alberta Access</subfield>
      <subfield code="u">http://marc.crcnetbase.com/isbn/9781439836620</subfield>
      <subfield code="z">(Unlimited Concurrent Users)</subfield>
   </datafield>
   <datafield ind1=" " ind2=" " tag="949">
      <subfield code="h">UAIN</subfield>
      <subfield code="z">CRC</subfield>
   </datafield>
   <datafield ind1=" " ind2=" " tag="926">
      <subfield code="a">Internet Access</subfield>
      <subfield code="w">LC</subfield>
      <subfield code="c">1</subfield>
      <subfield code="i">6677705-1001</subfield>
      <subfield code="l">INTERNET</subfield>
      <subfield code="m">UAINTERNET</subfield>
      <subfield code="r">Y</subfield>
      <subfield code="s">Y</subfield>
      <subfield code="t">E-RESOURCE</subfield>
      <subfield code="u">9/15/2014</subfield>
      <subfield code="x">E-BOOK</subfield>
      <subfield code="z">CRC</subfield>
   </datafield>
</record>
